@techreport{Kubrynski2006,
address = {Warswaw},
author = {Kubrynski, Krzysztof},
file = {:C$\backslash$:/Users/Laura/Desktop/Tech{\_}Soar{\_}KK.pdf:pdf},
institution = {Warsaw University of Technology, Institute of Aeronautics and Applied Mechanics},
pages = {1--10},
title = {{Aerodynamic design and cross-country flight performance analysis of Diana-2 sailplane}},
year = {2006}
}
